<record><leader>00000cas a22000007a 4500</leader><controlfield tag="001">11441636</controlfield><controlfield tag="008">841201d19171917hiudn ne      0    0eng d</controlfield><datafield ind1=" " ind2=" " tag="010"><subfield code="a">sn 84045342 </subfield></datafield><datafield ind1=" " ind2=" " tag="040"><subfield code="a">HWN</subfield><subfield code="b">eng</subfield><subfield code="c">HWN</subfield><subfield code="d">DLC</subfield><subfield code="d">OCLCF</subfield><subfield code="d">OCLCO</subfield></datafield><datafield ind1="1" ind2=" " tag="029"><subfield code="a">AU@</subfield><subfield code="b">000025831822</subfield></datafield><datafield ind1=" " ind2=" " tag="042"><subfield code="a">msc</subfield></datafield><datafield ind1=" " ind2=" " tag="043"><subfield code="a">n-us-hi</subfield></datafield><datafield ind1="0" ind2="0" tag="245"><subfield code="a">Hawaii daily post.</subfield></datafield><datafield ind1=" " ind2=" " tag="260"><subfield code="a">Hilo, Hawaii :</subfield><subfield code="b">Hawaii Post Print. and Pub. Co.,</subfield><subfield code="c">1917.</subfield></datafield><datafield ind1=" " ind2=" " tag="300"><subfield code="a">1 v. :</subfield><subfield code="b">ill.</subfield></datafield><datafield ind1=" " ind2=" " tag="310"><subfield code="a">Daily (except Sun.)</subfield></datafield><datafield ind1="0" ind2=" " tag="362"><subfield code="a">Vol. 1, no. 281 (Sept. 26, 1917)-v. 2, no. 338 (Dec. 1, 1917).</subfield></datafield><datafield ind1=" " ind2="0" tag="651"><subfield code="a">Hilo (Hawaii)</subfield><subfield code="v">Periodicals.</subfield></datafield><datafield ind1=" " ind2="7" tag="655"><subfield code="a">Periodicals.</subfield><subfield code="2">fast</subfield><subfield code="0">(OCoLC)fst01411641</subfield></datafield><datafield ind1=" " ind2="7" tag="651"><subfield code="a">Hawaii</subfield><subfield code="z">Hilo.</subfield><subfield code="2">fast</subfield><subfield code="0">(OCoLC)fst01208207</subfield></datafield><datafield ind1=" " ind2=" " tag="752"><subfield code="a">United States</subfield><subfield code="b">Hawaii</subfield><subfield code="c">Hawaii</subfield><subfield code="d">Hilo.</subfield></datafield><datafield ind1="0" ind2="0" tag="780"><subfield code="t">Hawaii post</subfield><subfield code="w">(DLC)sn 84045341</subfield><subfield code="w">(OCoLC)11441624</subfield></datafield><datafield ind1="0" ind2="7" tag="785"><subfield code="t">Today's news</subfield><subfield code="w">(DLC)sn 85047278</subfield><subfield code="w">(OCoLC)12896341</subfield></datafield><datafield ind1="0" ind2="7" tag="785"><subfield code="t">Daily post-herald</subfield><subfield code="w">(DLC)sn 84045343</subfield><subfield code="w">(OCoLC)11441648</subfield></datafield></record>